@ONLINE{ais,
	title = {AIS data},
	url = {ftp://ftp.ais.dk/},
	note = {Accessed: 18/12/2017}
}

@ONLINE{snap,
	title = {Sentinel Application Platform},
	url = {http://step.esa.int/main/toolboxes/snap/},
	note = {Accessed: 18/12/2017}
}

@ONLINE{copernicus,
	title = {Copernicus Open Access Hub},
	url = {https://scihub.copernicus.eu},
	note = {Accessed: 18/12/2017}
}

@ONLINE{folium,
	title = {Folium library},
	url = {https://folium.readthedocs.io/en/latest/},
	note = {Accessed: 18/12/2017}
}