@inproceedings{danube,
        author = {Negula,I. D. and Poenaru,V. D. and Olteanu,V. G. and Badea,A.},
        year = {2016},
        title = {Sentinel-1/2 data for ship traffic monitoring on the Danube River},
        booktitle = {International Archives of the Photogrammetry, Remote Sensing and Spatial Information Sciences - ISPRS Archives},
        volume = {41},
        pages = {37-41},
        language = {English},
        url = {www.scopus.com},
}

@inproceedings{sent_perf,
        author={Pelich,R. and Longepe,N. and Mercier,G. and Hajduch,G. and Garello,R.},
        editor={ },
        year={2015},
        title={Performance evaluation of Sentinel-1 data in SAR ship detection},
        booktitle={International Geoscience and Remote Sensing Symposium (IGARSS)},
        volume={2015-November},
        pages={2103-2106},
        note={Cited By :6},
        language={English},
        url={www.scopus.com},
}

@misc{copernicus,
	title = {Copernicus {Open} {Access} {Hub}},
	url = {https://scihub.copernicus.eu},
}

@inproceedings{data, 
      author = {C. P. Schwegmann and W. Kleynhans and B. P. Salmon and L. W. Mdakane and R. G. V. Meyer}, 
      title = {{Very deep learning for ship discrimination in Synthetic Aperture Radar imagery}}, 
      booktitle = {{IEEE International Geoscience and Remote Sensing Symposium (IGARSS)}}, 
      year = {2016}, 
      month = jul, 
      pages = {104--107}, 
}